@inproceedings{zhang2016colorful,
  title={Colorful image colorization},
  author={Zhang, Richard and Isola, Phillip and Efros, Alexei A},
  booktitle={European Conference on Computer Vision},
  pages={649--666},
  year={2016},
  organization={Springer}
}


@article{russakovsky2015imagenet,
  title={Imagenet large scale visual recognition challenge},
  author={Russakovsky, Olga and Deng, Jia and Su, Hao and Krause, Jonathan and Satheesh, Sanjeev and Ma, Sean and Huang, Zhiheng and Karpathy, Andrej and Khosla, Aditya and Bernstein, Michael and others},
  journal={International Journal of Computer Vision},
  volume={115},
  number={3},
  pages={211--252},
  year={2015},
  publisher={Springer}
}

@inproceedings{xiao2010sun,
  title={Sun database: Large-scale scene recognition from abbey to zoo},
  author={Xiao, Jianxiong and Hays, James and Ehinger, Krista A and Oliva, Aude and Torralba, Antonio},
  booktitle={Computer vision and pattern recognition (CVPR), 2010 IEEE conference on},
  pages={3485--3492},
  year={2010},
  organization={IEEE}
}

@inproceedings{cheng2015deep,
  title={Deep colorization},
  author={Cheng, Zezhou and Yang, Qingxiong and Sheng, Bin},
  booktitle={Proceedings of the IEEE International Conference on Computer Vision},
  pages={415--423},
  year={2015}
}

@misc{dahl2016tinyclouds,
  title={Automatic Colorization},
  author={Dahl, R.},
  howpublished={\url{http://tinyclouds.org/colorize/}},
  year={2016}
}

@inproceedings{deshpande2015learning,
  title={Learning large-scale automatic image colorization},
  author={Deshpande, Aditya and Rock, Jason and Forsyth, David},
  booktitle={Proceedings of the IEEE International Conference on Computer Vision},
  pages={567--575},
  year={2015}
}

@inproceedings{charpiat2008automatic,
  title={Automatic image colorization via multimodal predictions},
  author={Charpiat, Guillaume and Hofmann, Matthias and Sch{\"o}lkopf, Bernhard},
  booktitle={European conference on computer vision},
  pages={126--139},
  year={2008},
  organization={Springer}
}

@article{ronneberger2015unet,
  author    = {Olaf Ronneberger and
               Philipp Fischer and
               Thomas Brox},
  title     = {U-Net: Convolutional Networks for Biomedical Image Segmentation},
  journal   = {CoRR},
  volume    = {abs/1505.04597},
  year      = {2015},
  url       = {http://arxiv.org/abs/1505.04597},
  archivePrefix = {arXiv},
  eprint    = {1505.04597},
  timestamp = {Wed, 07 Jun 2017 14:40:33 +0200},
  biburl    = {https://dblp.org/rec/bib/journals/corr/RonnebergerFB15},
  bibsource = {dblp computer science bibliography, https://dblp.org}
}

@inproceedings{jampani2017video,
  title={Video propagation networks},
  author={Jampani, Varun and Gadde, Raghudeep and Gehler, Peter V},
  booktitle={IEEE Conference on Computer Vision and Pattern Recognition},
  volume={2},
  year={2017}
}

@article{zhu2017video,
author = {Zhu, Feida and Yan, Zhicheng and Bu, Jiajun and Yu, Yizhou},
year = {2017},
month = {07},
pages = {3542-3555},
title = {Exemplar-Based Image and Video Stylization Using Fully Convolutional Semantic Features},
volume = {26},
booktitle = {IEEE Transactions on Image Processing}
}

@article{larsson2016repres,
  author    = {Gustav Larsson and
               Michael Maire and
               Gregory Shakhnarovich},
  title     = {Learning Representations for Automatic Colorization},
  journal   = {CoRR},
  volume    = {abs/1603.06668},
  year      = {2016},
  url       = {http://arxiv.org/abs/1603.06668},
  archivePrefix = {arXiv},
}

@inproceedings{levin2004colorization,
  title={Colorization using optimization},
  author={Levin, Anat and Lischinski, Dani and Weiss, Yair},
  booktitle={ACM Transactions on Graphics (ToG)},
  volume={23},
  pages={689--694},
  year={2004},
  organization={ACM}
}
@article{he2017neuralct,
  author    = {Mingming He and
               Jing Liao and
               Lu Yuan and
               Pedro V. Sander},
  title     = {Neural Color Transfer between Images},
  journal   = {CoRR},
  volume    = {abs/1710.00756},
  year      = {2017},
  url       = {http://arxiv.org/abs/1710.00756},
  archivePrefix = {arXiv},
  eprint    = {1710.00756},
  timestamp = {Wed, 01 Nov 2017 19:05:42 +0100},
  biburl    = {https://dblp.org/rec/bib/journals/corr/abs-1710-00756},
  bibsource = {dblp computer science bibliography, https://dblp.org}
}

@inproceedings{abadi2016tensorflow,
  title={TensorFlow: A System for Large-Scale Machine Learning.},
  author={Abadi, Mart{\'\i}n and Barham, Paul and Chen, Jianmin and Chen, Zhifeng and Davis, Andy and Dean, Jeffrey and Devin, Matthieu and Ghemawat, Sanjay and Irving, Geoffrey and Isard, Michael and others},
  booktitle={OSDI},
  volume={16},
  pages={265--283},
  year={2016}
}

