@inproceedings{zhang2016colorful,
  title={Colorful image colorization},
  author={Zhang, Richard and Isola, Phillip and Efros, Alexei A},
  booktitle={European Conference on Computer Vision},
  pages={649--666},
  year={2016},
  organization={Springer}
}


@article{russakovsky2015imagenet,
  title={Imagenet large scale visual recognition challenge},
  author={Russakovsky, Olga and Deng, Jia and Su, Hao and Krause, Jonathan and Satheesh, Sanjeev and Ma, Sean and Huang, Zhiheng and Karpathy, Andrej and Khosla, Aditya and Bernstein, Michael and others},
  journal={International Journal of Computer Vision},
  volume={115},
  number={3},
  pages={211--252},
  year={2015},
  publisher={Springer}
}

@inproceedings{xiao2010sun,
  title={Sun database: Large-scale scene recognition from abbey to zoo},
  author={Xiao, Jianxiong and Hays, James and Ehinger, Krista A and Oliva, Aude and Torralba, Antonio},
  booktitle={Computer vision and pattern recognition (CVPR), 2010 IEEE conference on},
  pages={3485--3492},
  year={2010},
  organization={IEEE}
}

@inproceedings{cheng2015deep,
  title={Deep colorization},
  author={Cheng, Zezhou and Yang, Qingxiong and Sheng, Bin},
  booktitle={Proceedings of the IEEE International Conference on Computer Vision},
  pages={415--423},
  year={2015}
}

@misc{dahl2016tinyclouds,
  title={Automatic Colorization},
  author={Dahl, R.},
  howpublished={\url{http://tinyclouds.org/colorize/}},
  year={2016}
}

@inproceedings{deshpande2015learning,
  title={Learning large-scale automatic image colorization},
  author={Deshpande, Aditya and Rock, Jason and Forsyth, David},
  booktitle={Proceedings of the IEEE International Conference on Computer Vision},
  pages={567--575},
  year={2015}
}

@inproceedings{charpiat2008automatic,
  title={Automatic image colorization via multimodal predictions},
  author={Charpiat, Guillaume and Hofmann, Matthias and Sch{\"o}lkopf, Bernhard},
  booktitle={European conference on computer vision},
  pages={126--139},
  year={2008},
  organization={Springer}
}

@article{ronneberger2015unet,
  author    = {Olaf Ronneberger and
               Philipp Fischer and
               Thomas Brox},
  title     = {U-Net: Convolutional Networks for Biomedical Image Segmentation},
  journal   = {CoRR},
  volume    = {abs/1505.04597},
  year      = {2015},
  url       = {http://arxiv.org/abs/1505.04597},
  archivePrefix = {arXiv},
  eprint    = {1505.04597},
  timestamp = {Wed, 07 Jun 2017 14:40:33 +0200},
  biburl    = {https://dblp.org/rec/bib/journals/corr/RonnebergerFB15},
  bibsource = {dblp computer science bibliography, https://dblp.org}
}
