@inproceedings{zhang2016colorful,
  title={Colorful image colorization},
  author={Zhang, Richard and Isola, Phillip and Efros, Alexei A},
  booktitle={European Conference on Computer Vision},
  pages={649--666},
  year={2016},
  organization={Springer}
}
