@inproceedings{zhang2016colorful,
  title={Colorful image colorization},
  author={Zhang, Richard and Isola, Phillip and Efros, Alexei A},
  booktitle={European Conference on Computer Vision},
  pages={649--666},
  year={2016},
  organization={Springer}
}


@article{russakovsky2015imagenet,
  title={Imagenet large scale visual recognition challenge},
  author={Russakovsky, Olga and Deng, Jia and Su, Hao and Krause, Jonathan and Satheesh, Sanjeev and Ma, Sean and Huang, Zhiheng and Karpathy, Andrej and Khosla, Aditya and Bernstein, Michael and others},
  journal={International Journal of Computer Vision},
  volume={115},
  number={3},
  pages={211--252},
  year={2015},
  publisher={Springer}
}

@inproceedings{xiao2010sun,
  title={Sun database: Large-scale scene recognition from abbey to zoo},
  author={Xiao, Jianxiong and Hays, James and Ehinger, Krista A and Oliva, Aude and Torralba, Antonio},
  booktitle={Computer vision and pattern recognition (CVPR), 2010 IEEE conference on},
  pages={3485--3492},
  year={2010},
  organization={IEEE}
}

@inproceedings{cheng2015deep,
  title={Deep colorization},
  author={Cheng, Zezhou and Yang, Qingxiong and Sheng, Bin},
  booktitle={Proceedings of the IEEE International Conference on Computer Vision},
  pages={415--423},
  year={2015}
}

@misc{dahl2016tinyclouds,
  title={Automatic Colorization},
  author={Dahl, R.},
  howpublished={\url{http://tinyclouds.org/colorize/}},
  year={2016}
}